
@article{stolfi1998vo,
  title={The Voynich Manuscript: Evidence of Linguistic Structure},
  author={Stolfi, Jorge and Landini, Gabriel},
  journal={Technical report, University of Campinas},
  year={1998}
}

@article{reddy2011decoding,
  title={Decoding Anagrammed Texts Written in an Unknown Script},
  author={Reddy, Sravana and Knight, Kevin},
  journal={Computational Linguistics},
  volume={37},
  number={4},
  pages={603--630},
  year={2011}
}

@inproceedings{nakov2012translation,
  title={Translation with Scarce Resources Using Synthetic Languages},
  author={Nakov, Preslav and Tiedemann, J{\"o}rg},
  booktitle={Proceedings of the 13th Conference of the European Chapter of the Association for Computational Linguistics},
  pages={337--347},
  year={2012}
}
